<collection xmlns="http://www.loc.gov/MARC21/slim">
<record>
  <leader>01297nam0a2200241 i 450 </leader>
  <controlfield tag="001">IT\ICCU\CNCE\043851</controlfield>
  <controlfield tag="005">20151217000000.0</controlfield>
  <datafield tag="012" ind1=" " ind2=" ">
    <subfield code="a">caap nuro **** 10*9 (C) 1535 (R)</subfield>
    <subfield code="2">fei</subfield>
  </datafield>
  <datafield tag="100" ind1=" " ind2=" ">
    <subfield code="a">19990108d1535        0itac0103    ba</subfield>
  </datafield>
  <datafield tag="101" ind1=" " ind2=" ">
    <subfield code="a">ITA</subfield>
  </datafield>
  <datafield tag="102" ind1=" " ind2=" ">
    <subfield code="a">IT</subfield>
  </datafield>
  <datafield tag="200" ind1="1" ind2=" ">
    <subfield code="a">Opera intitulata Fontegara la quale insegna a sonare di flauto chon tutta l&apos;arte opportuna a esso instrumento massime il diminuire il quale sara utile ad ogni instrumento difiato et chorde: et anchora a chi si dileta di canto, composta per Syluestro di Ganassi dal Fontego sonator de la illustrissima signoria di Venetia</subfield>
  </datafield>
  <datafield tag="210" ind1=" " ind2=" ">
    <subfield code="e">Impressum Venetiis</subfield>
    <subfield code="g">per Syluestro di Ganassi dal Fontego</subfield>
    <subfield code="h">1535</subfield>
  </datafield>
  <datafield tag="215" ind1=" " ind2=" ">
    <subfield code="a">\80! c.</subfield>
    <subfield code="c">ill.</subfield>
    <subfield code="d">4ʻ</subfield>
  </datafield>
  <datafield tag="620" ind1=" " ind2=" ">
    <subfield code="a">IT</subfield>
    <subfield code="d">Venezia</subfield>
  </datafield>
  <datafield tag="700" ind1=" " ind2="1">
    <subfield code="a">Ganassi dal Fontego,</subfield>
    <subfield code="b">Silvestro</subfield>
    <subfield code="3">IT\ICCU\CNCA\011594</subfield>
  </datafield>
  <datafield tag="712" ind1="0" ind2="0">
    <subfield code="a">Ganassi dal Fontego, Silvestro</subfield>
    <subfield code="3">IT\ICCU\CNCT\006502</subfield>
    <subfield code="4">650</subfield>
  </datafield>
  <datafield tag="790" ind1=" " ind2="1">
    <subfield code="a">Fontego,</subfield>
    <subfield code="b">Silvestro : del</subfield>
    <subfield code="3">IT\ICCU\CNCA\018961</subfield>
    <subfield code="z">Ganassi dal Fontego, Silvestro</subfield>
  </datafield>
  <datafield tag="801" ind1=" " ind2="3">
    <subfield code="a">IT</subfield>
    <subfield code="b">ICCU</subfield>
    <subfield code="c">20201114</subfield>
  </datafield>
  <datafield tag="899" ind1=" " ind2=" ">
    <subfield code="a">Collezione digitale estera. </subfield>
    <subfield code="1">AA0000</subfield>
    <subfield code="2">ZAA 00</subfield>
  </datafield>
  <datafield tag="899" ind1=" " ind2=" ">
    <subfield code="a">Museo Internazionale e Biblioteca della Musica. Bologna</subfield>
    <subfield code="1">BO0310</subfield>
    <subfield code="2">UBO BM</subfield>
  </datafield>
  <datafield tag="899" ind1=" " ind2=" ">
    <subfield code="a">Biblioteca del Conservatorio statale di musica Luigi Cherubini. Firenze</subfield>
    <subfield code="1">FI0035</subfield>
    <subfield code="2">CFI FC</subfield>
  </datafield>
  <datafield tag="899" ind1=" " ind2=" ">
    <subfield code="a">Biblioteca Casanatense. Roma</subfield>
    <subfield code="1">RM0313</subfield>
    <subfield code="2">RML 07</subfield>
  </datafield>
</record>
</collection>
